% Bibliography of key references for "LaTeX for Thesis and Large Documents"
% For use with BibTeX


@article{laird,
    author  = "Nan M. Laird and James H. Ware",
    title   = "Random-Effects Models for Longitudinal Data",
    year    = "1982",
    journal = "Biometrics,",
    volume  = "38",
    number  = "4",
    pages   = "963-974"
}


@book{Green,
	author =	"Green, P. J.  and Silverman, Bernard W.",
	title = "Nonparametric Regression and Generalized Linear Models: A roughness penalty approach",
	year = 		"1994",
	publisher =	"Chapman and Hall/CRC",
	address = 	"London, UK"
}

@book{Fitzmaurice,
        author =    "Garrett Fitzmaurice and Marie Davidian and Geert Verbeke and Geert Molenberghs",
        title =         "Longitudinal Data Analysis",
        year =          "2008",
        publisher =     "Chapman and Hall/CRC",
        address =       "Boca Raton, Florida"
}


@article{brumback,
    author  = "Babette A. Brumback and John A. Rice",
    title   = "Smoothing Spline Models for the Analysis of Nested and Crossed Samples of Curves",
    year    = "1998",
    journal = "Journal of the American Statistical Association",
    volume  = "93",
    number  = "443",
    pages   = "961-976"
}

@book{Schumaker,
	author =        "Schumaker, Larry",
	title =         "Spline Functions: Basic Theory",
        edition =       "Third",
	year = 		"2007",
	publisher = 	"Cambridge University Press",
	address =       "Cambridge, UK"
}


@book{Ruppert,
	author =        "David Ruppert and M. P. Wand and R. J. Carroll",
	title =         "Semiparametric Regression",
	year = 		"2003",
	publisher = 	"Cambridge University Press",
	address =       "New York"
}


@article{eilers,
    author  = "Paul H. C. Eilers and Brian D. Marx",
    title   = "Flexible smoothing with B-splines and penalties",
    year    = "1996",
    journal = "Statistical Science",
    volume  = "11",
    number  = "2",
    pages   = "89-121"
}


@book{boor,
	author =        "Boor, Carl de",
	title =         "A Practical Guide to Splines",
	year = 		"1978",
	publisher = 	"Springer",
	address =       "New York"
}


@book{eubank,
	author =        "Eubank, Randall L.",
	title =         "Nonparametric Regression and Spline Smoothing",
	edition =       "Second",
	year = 		"1999",
	publisher = 	"Marcel Dekker",
	address =       "New York"
}


% flexible modelling using splines

% Eilers & Marx 1996  -   don't need 
% Zhang et al 1998
% Brumback & Rice 1998 - don't need 
% Verbyla 1999
% Welham 2007 
% Wand & Ormerod 2008



@article{Zhang,
    author  = "Daowen Zhang and Xihong Lin and Jonathan Raz and MaryFran Sowers",
    title   = "Semiparametric Stochastic Mixed Models for Longitudinal Data",
    year    = "1998",
    journal = "Journal of the American Statistical Association",
    volume  = "93",
    number  = "442",
    pages   = "710-719"
}

% Gaussian process

@book{rasmussen,
	author =        "Carl Edward Rasmussen and Christopher K. I. Williams",
	title =         "Gaussian Processes for Machine Learning",
	year = 		"2006",
	publisher =	"MIT Press",
        address =       "Cambridge, Massachusetts"
}



@article{Verbyla,
    author  = "Arunas P. Verbyla and Brian R. Cullis and Michael G. Kenward and Sue J. Welham",
    title   = "The Analysis of Designed Experiments and Longitudinal Data by Using Smoothing Splines",
    year    = "1999",
    journal = "Journal of the Royal Statistical Society. Series C (Applied Statistics)",
    volume  = "48",
    number  = "3",
    pages   = "269-311"
}




@article{Welham07,
    author  = "Sue J. Welham and  Brian R. Cullis and Michael G. Kenward and Robin Thompson",
    title   = "A Comparison of Mixed  Model Splines for  Curve  Fitting",
    year    = "2007",
    journal = "Australian \& New Zealand Journal of Statistics",
    volume  = "49",
    number  = "1",
    pages   = "1-23"
}


@article{wand,
    author  = "Wand, M. P. and Ormerod, J. T.",
    title   = "On semiparametric regression with O'Sullivan penalized splines",
    year    = "2008",
    journal = "Australian \& New Zealand Journal of Statistics",
    volume  = "50",
    number  = "2",
    pages   = "179-198"
}

@article{taylor,
    author  = "J. M. G. Taylor and W. G. Cumberland and J. P. Sy",
    title   = " A Stochastic Model for Analysis of Longitudinal AIDS Data",
    year    = "1994",
    journal = "Journal of the American Statistical Association",
    volume  = "89",
    Issue  = "427",
    pages   = "727-736"
}

% cyclic longitudinal 

% Zhang et al 2000
% Welham et al 2006 L-spline 
% Wood 2006 cyclic CRS 
% QIn & Guo 2006 - to be read more carefully 
% Meyer et al 2007 FDA




@article{Zhang00,
    author  = "Zhang, D. and Lin, X. and Sowers, M.",
    title   = "Semiparametric regression for periodic longitudinal hormone data from multiple menstrual cycles",
    year    = "2000",
    journal = "Biometrics",
    volume  = "56",
    number  = "1",
    pages   = "31-39"
}

@article{Welham06,
    author  = "Sue J. Welham and  Brian R. Cullis and Michael G. Kenward and Robin Thompson",
    title   = "The Analysis of Longitudinal Data Using Mixed Model L-Splines",
    year    = "2006",
    journal = "Biometrics",
    volume  = "62",
    number  = "2",
    pages   = "392-401"
}


@book{ramsay,
	author =        " James Ramsay and B. W. Silverman",
	title =         "Functional Data Analysis",
	edition =       "Second",
	year = 		"2005",
	publisher = 	"Springer",
	address =       "New York"
}



@book{Wood,
	author =        "Simon Wood",
	title =         "Generalized Additive Models: An Introduction with R",
	year = 		"2006",
	publisher =	"Chapman and Hall/CRC",
        address =       "Boca Raton, Florida"
}


@article{Qin,
    author  = "Qin, L. and  Guo, W.",
    title   = "Functional mixed-effects model for periodic data.",
    year    = "2006",
    journal = "Biostatistics",
    volume  = "7",
    number  = "2",
    pages   = "225-234"
}

@article{Meyer,
    author  = "Meyer, P. M. and S. L. Zeger and  Sioban D. Harlow and M. Sowers and S. Crawford and J. L. Luborsky and I. Janssen and D. S. McConnell and J. F. Randolph and G. Weiss",
    title   = "Characterizing daily urinary hormone profiles for women at midlife using functional data analysis",
    year    = "2007",
    journal = "American Journal of Epidemiology",
    volume  = "165",
    number  = "8",
    pages   = "936-945"
}




% bivariate and cyclic 
@article{liu,
    author  = "Ziyue Liu and Anne R. Cappola and Leslie J. Crofford and Wensheng Guo",
    title   = "Modeling Bivariate Longitudinal Hormone Profiles by Hierarchical State Space Models",
    year    = "2014",
    journal = "Journal of the American Statistical Association",
    volume  = "109",
    number  = "505",
    pages   = "108-118"
}


@article{fieuws,
    author  = "Fieuws, S. and Verbeke, G.",
    title   = "Pairwise fitting of mixed models for the joint modelling of multivariate longitudinal profiles.",
    year    = "2006",
    journal = "Biometrics",
    volume  = "62",
    number  = "2",
    pages   = "424-431"
}

@article{sy,
    author  = "J. P. Sy and J. M. G. Taylor and W. G. Cumberland",
    title   = "A Stochastic Model for the Analysis of Bivariate Longitudinal AIDS Data",
    year    = "1997",
    journal = "Biometrics",
    volume  = "53",
    number  = "2",
    pages   = "542-555"
}


@article{wang2000spline,
  title={Spline smoothing for bivariate data with applications to association between hormones},
  author={Wang, Yuedong and Guo, Wensheng and Brown, Morton B},
  journal={Statistica Sinica},
  pages={377--397},
  year={2000},
  publisher={JSTOR}
}


%----------------------------------------------------------------------
% Gaussian process and Gaussian Fields
%----------------------------------------------------------------------
@book{adler,
	author =        "Adler, R. J. and Taylor, Jonathan E.",
	title =         "Random Fields and Geometry",
	year = 		"2007",
	publisher = 	"Springer",
	address =       "New York, NY"
}


@book{koralov,
	author =        "Leonid B. Koralov and Yakov G. Sinai",
	title =         "Theory of Probability and Random Processes",
	edition =       "Second",
	year = 		"2007",
	publisher = 	"Springer",
	address =       "New York, NY"
}



%----------------------------------------------------------------------
% SWAN
% (8) (10) in Liu paper
%----------------------------------------------------------------------

@article{gold1995epidemiologic,
  title={Epidemiologic methods for prospective assessment of menstrual cycle and reproductive characteristics in female semiconductor workers},
  author={Gold, Eilen B and Eskenazi, Brenda and Lasley, Bill L and Samuels, Steven J and O'Neill Rasor, Marianne and Overstreet, James W and Schenker, Marc B},
  journal={American journal of industrial medicine},
  volume={28},
  number={6},
  pages={783--797},
  year={1995},
}

@article{gold1995prospectively,
  title={Prospectively assessed menstrual cycle characteristics in female wafer-fabrication and nonfabrication semiconductor employees},
  author={Gold, Ellen B and Eskenazi, Brenda and Hammond, S Katharine and LaSley, Bill L and Samuels, Steven J and O'Neill Rasor, Marianne and Hines, Cynthia J and Overstreet, James W and Schenker, Marc B},
  journal={American journal of industrial medicine},
  volume={28},
  number={6},
  pages={799--815},
  year={1995},
}

%----------------------------------------------------------------------
% missing data
%----------------------------------------------------------------------

@book{little,
	author =        " Roderick J. A. Little and Donald B. Rubin",
	title =         "Statistical Analysis with Missing Data",
	edition =       "Second",
	year = 		"2002",
	publisher = 	"Wiley-Interscience",
	address =       "New York, NY"
}

@book{verbeke,
	author =        "Geert Verbeke and Geert Molenberghs",
	title =         "Linear Mixed Models for Longitudinal Data",
	year = 		"2000",
	publisher = 	"Springer",
	address =       "New York, NY"
}


@book{daniels,
	author =        "Michael J. Daniels and Joseph W. Hogan ",
	title =         "Missing Data in Longitudinal Studies: Strategies for Bayesian Modelling and Sensitivity Analysis",
	year = 		"2008",
	publisher = 	"Chapman and Hall/CRC",
	address =       "Boca Raton, FL"
}

%----------------------------------------------------------------------
% Bayes formulation Ch. 2
%----------------------------------------------------------------------

@article{green87,
    author  = "P. J. Green",
    title   = "Penalized likelihood for general semi-parametric regression models",
    year    = "1987",
    journal = "International Statistical Review",
    volume  = "55",
    pages   = "245-260"
}


@article{wahba83,
    author  = "Grace Wahba",
    title   = "Bayesian `Confidence Intervals' for the Cross-Validated Smoothing Spline",
    year    = "1987",
    journal = "J. R.Statist. Soc. B",
    volume  = "45",
    number  = "1",
    pages   = "133-150"
}

@article{wahba78,
    author  = "Grace Wahba",
    title   = "Improper priors, spline smoothing and the problem of guarding against model errors in regression",
    year    = "1978",
    journal = "J. R.Statist. Soc. B",
    volume  = "40",
    number  = "3",
    pages   = "364-372"
}

%----------------------------------------------------------------------
% prediction
%----------------------------------------------------------------------

@book{albert,
	author =        "Jim Albert",
	title =         "Bayesian Computation with R",
	year = 		"2007",
	publisher = 	"Springer",
	address =       "New York, NY"
}
